@misc{foo,
    author = "Nobody Jr",
    title = "My Article",
    year = "2006"
},
       
@misc{2012shapiro,
    author = "Sigbert Klinke",
    title = "Shapiro-Wilk-Test",
    year = "2012",
    url = "http://mars.wiwi.hu-berlin.de/mediawiki/teachwiki/index.php/Shapiro-Wilk-Test"
},
% 16105810 
@Article{2005soe,
   Author="S{\o}e, A. R.  and Buchmann, N. ",
   Title="{{S}patial and temporal variations in soil respiration in relation to stand structure and soil parameters in an unmanaged beech forest}",
   Journal="Tree Physiol.",
   Year="2005",
   Volume="25",
   Number="11",
   Pages="1427--1436",
   Month="Nov"
}
